@article{fougner2015parameter,
  title={Parameter selection and pre-conditioning for a graph form solver},
  author={Fougner, Christopher and Boyd, Stephen},
  journal={arXiv:1503.08366},
  year={2015}
}


%% ADMM and similar
@article{boyd2011distributed,
    title={Distributed Optimization and Statistical Learning via the Alternating Direction Method of Multipliers},
    author={S. Boyd and N. Parikh and E. Chu and B. Peleato and J. Eckstein},
    journal={Foundations and Trends in Machine Learning},
    volume={3},
    number={1},
    pages={1--122},
    year={2011},
    publisher={Now Publishers Inc.}
}


@article{parikh2013proximal,
    title={Proximal Algorithms},
    author={N. Parikh and S. Boyd},
    journal={Foundations and Trends in Optimization},
    volume={1},
    number={3},
    pages={123--231},
    year={2013}
}

@article{parikh2014block,
    title={Block Splitting for Distributed Optimization},
    author={N. Parikh and S. Boyd},
    journal={Mathematical Programming Computation},
    volume={6},
    number={1},
    pages={77--102},
    year={2014},
    publisher={Springer}
}